<?xml version="1.0" encoding="UTF-8"?><collection xmlns="http://www.loc.gov/MARC21/slim"><record><leader>00390nam--2200169-u-4500</leader><controlfield tag="001">000056472</controlfield><controlfield tag="002">20161230</controlfield><controlfield tag="005">20161230201052</controlfield><controlfield tag="008">151026s1000------------r-----000-0-fre-d</controlfield><datafield ind1=" " ind2=" " tag="040"><subfield code="a">IFIN-HH</subfield></datafield><datafield ind1=" " ind2=" " tag="041"><subfield code="a">fre</subfield></datafield><datafield ind1=" " ind2=" " tag="080"><subfield code="a">53</subfield></datafield><datafield ind1="1" ind2=" " tag="100"><subfield code="a">Zeller, M</subfield></datafield><datafield ind1="1" ind2="0" tag="245"><subfield code="a">Traite de photogrammetrie</subfield><subfield code="c">M. zeller</subfield></datafield><datafield ind1=" " ind2=" " tag="260"><subfield code="a">Heerbrugg</subfield><subfield code="b">Societe De Vente H. Wild</subfield><subfield code="c">1948</subfield></datafield><datafield ind1=" " ind2=" " tag="300"><subfield code="a">312P</subfield></datafield><datafield ind1=" " ind2=" " tag="852"><subfield code="a">863</subfield></datafield></record></collection>